@inreference{fdd,
	title = {Feature-driven development},
	rights = {Creative Commons Attribution-{ShareAlike} License},
	url = {https://en.wikipedia.org/w/index.php?title=Feature-driven_development&oldid=1069092868},
	abstract = {Feature-driven development ({FDD}) is an iterative and incremental software development process. It is a lightweight or Agile method for developing software. {FDD} blends a number of industry-recognized best practices into a cohesive whole. These practices are driven from a client-valued functionality (feature) perspective. Its main purpose is to deliver tangible, working software repeatedly in a timely manner in accordance with the Principles behind the Agile Manifesto.},
	booktitle = {Wikipedia},
	urldate = {2023-12-29},
	date = {2022-01-31},
	langid = {english},
	note = {Page Version {ID}: 1069092868},
}
